%=======================================================================
% File:  biblio.bib -- BibTeX entries            
% Time-stamp: <Tue 2012-10-02 15:25 svarrette>
%
% Copyright (c) 2012 Sebastien Varrette 
%               http://varrette.gforge.uni.lu
%
% More information on BibTeX: http://www.bibtex.org/
%=======================================================================

@Book{DRTV_ThCode07,
  author =		 {J.-G. Dumas and J.-L. Roch and E. Tannier and S. Varrette},
  title =		 {Th\'eorie des Codes : Compression, Cryptage et Correction},
  publisher =	 {Dunod},
  year =		 {2007},
  month =		 {Mars},
  series =		 {Collection Sciences Sup},
  OPTedition = 	 {},
  isbn =		 {978-2-1005-0692-7},
  urlimage =	 {images/theorie_code.jpg},
  note =		 {352 pages, in French},
}


%=======================================================================
% eof
%
% Local Variables: 
% mode: bibtex
% End: 

 
