../../.submodules/falkor-cv/biblio-varrette.bib